@inproceedings{szegedy2017inception,
  title={Inception-v4, inception-resnet and the impact of residual connections on learning.},
  author={Szegedy, Christian and Ioffe, Sergey and Vanhoucke, Vincent and Alemi, Alexander A},
  booktitle={AAAI},
  volume={4},
  pages={12},
  year={2017}
}

@article{real2018regularized,
  title={Regularized evolution for image classifier architecture search},
  author={Real, Esteban and Aggarwal, Alok and Huang, Yanping and Le, Quoc V},
  journal={arXiv preprint arXiv:1802.01548},
  year={2018}
}

@article{hu2017squeeze,
  title={Squeeze-and-excitation networks},
  author={Hu, Jie and Shen, Li and Sun, Gang},
  journal={arXiv preprint arXiv:1709.01507},
  volume={7},
  year={2017}
}

@article{howard2017mobilenets,
  title={Mobilenets: Efficient convolutional neural networks for mobile vision applications},
  author={Howard, Andrew G and Zhu, Menglong and Chen, Bo and Kalenichenko, Dmitry and Wang, Weijun and Weyand, Tobias and Andreetto, Marco and Adam, Hartwig},
  journal={arXiv preprint arXiv:1704.04861},
  year={2017}
}

@article{zhang2017shufflenet,
  author    = {Xiangyu Zhang and
               Xinyu Zhou and
               Mengxiao Lin and
               Jian Sun},
  title     = {ShuffleNet: An Extremely Efficient Convolutional Neural Network for
               Mobile Devices},
  journal   = {CoRR},
  volume    = {abs/1707.01083},
  year      = {2017},
  url       = {http://arxiv.org/abs/1707.01083},
  archivePrefix = {arXiv},
  eprint    = {1707.01083},
  timestamp = {Mon, 13 Aug 2018 16:46:17 +0200},
  biburl    = {https://dblp.org/rec/bib/journals/corr/ZhangZLS17},
  bibsource = {dblp computer science bibliography, https://dblp.org}
}

@article{ashok2017n2n,
  title={N2N Learning: Network to Network Compression via Policy Gradient Reinforcement Learning},
  author={Ashok, Anubhav and Rhinehart, Nicholas and Beainy, Fares and Kitani, Kris M},
  journal={arXiv preprint arXiv:1709.06030},
  year={2017}
}

@inproceedings{lecun1990optimal,
  title={Optimal brain damage},
  author={LeCun, Yann and Denker, John S and Solla, Sara A},
  booktitle={Advances in neural information processing systems},
  pages={598--605},
  year={1990}
}

@article{srinivas2015data,
  title={Data-free parameter pruning for deep neural networks},
  author={Srinivas, Suraj and Babu, R Venkatesh},
  journal={arXiv preprint arXiv:1507.06149},
  year={2015}
}

@inproceedings{guo2016dynamic,
  title={Dynamic network surgery for efficient dnns},
  author={Guo, Yiwen and Yao, Anbang and Chen, Yurong},
  booktitle={Advances In Neural Information Processing Systems},
  pages={1379--1387},
  year={2016}
}

@article{anwar2017structured,
  title={Structured pruning of deep convolutional neural networks},
  author={Anwar, Sajid and Hwang, Kyuyeon and Sung, Wonyong},
  journal={ACM Journal on Emerging Technologies in Computing Systems (JETC)},
  volume={13},
  number={3},
  pages={32},
  year={2017},
  publisher={ACM}
}

@inproceedings{ba2014deep,
  title={Do deep nets really need to be deep?},
  author={Ba, Jimmy and Caruana, Rich},
  booktitle={Advances in neural information processing systems},
  pages={2654--2662},
  year={2014}
}

@article{hinton2015distilling,
  title={Distilling the knowledge in a neural network},
  author={Hinton, Geoffrey and Vinyals, Oriol and Dean, Jeff},
  journal={arXiv preprint arXiv:1503.02531},
  year={2015}
}

@article{romero2014fitnets,
  title={Fitnets: Hints for thin deep nets},
  author={Romero, Adriana and Ballas, Nicolas and Kahou, Samira Ebrahimi and Chassang, Antoine and Gatta, Carlo and Bengio, Yoshua},
  journal={arXiv preprint arXiv:1412.6550},
  year={2014}
}

@article{zoph2017learning,
  title={Learning transferable architectures for scalable image recognition},
  author={Zoph, Barret and Vasudevan, Vijay and Shlens, Jonathon and Le, Quoc V},
  journal={arXiv preprint arXiv:1707.07012},
  volume={2},
  number={6},
  year={2017},
  publisher={Technical Report}
}

@article{real2017large,
  title={Large-scale evolution of image classifiers},
  author={Real, Esteban and Moore, Sherry and Selle, Andrew and Saxena, Saurabh and Suematsu, Yutaka Leon and Tan, Jie and Le, Quoc and Kurakin, Alex},
  journal={arXiv preprint arXiv:1703.01041},
  year={2017}
}

@article{cheng2018searching,
  title={Searching Toward Pareto-Optimal Device-Aware Neural Architectures},
  author={Cheng, An-Chieh and Dong, Jin-Dong and Hsu, Chi-Hung and Chang, Shu-Huan and Sun, Min and Chang, Shih-Chieh and Pan, Jia-Yu and Chen, Yu-Ting and Wei, Wei and Juan, Da-Cheng},
  journal={arXiv preprint arXiv:1808.09830},
  year={2018}
}

@article{elsken2018multi,
  title={Multi-objective architecture search for cnns},
  author={Elsken, Thomas and Metzen, Jan Hendrik and Hutter, Frank},
  journal={arXiv preprint arXiv:1804.09081},
  year={2018}
}

@article{tan2018mnasnet,
  title={MnasNet: Platform-Aware Neural Architecture Search for Mobile},
  author={Tan, Mingxing and Chen, Bo and Pang, Ruoming and Vasudevan, Vijay and Le, Quoc V},
  journal={arXiv preprint arXiv:1807.11626},
  year={2018}
}

@article{iandola2016squeezenet,
  title={Squeezenet: Alexnet-level accuracy with 50x fewer parameters and< 0.5 mb model size},
  author={Iandola, Forrest N and Han, Song and Moskewicz, Matthew W and Ashraf, Khalid and Dally, William J and Keutzer, Kurt},
  journal={arXiv preprint arXiv:1602.07360},
  year={2016}
}

@article{molchanov2016pruning,
  title={Pruning convolutional neural networks for resource efficient transfer learning},
  author={Molchanov, Pavlo and Tyree, Stephen and Karras, Tero and Aila, Timo and Kautz, Jan},
  journal={arXiv preprint arXiv:1611.06440},
  year={2016}
}

@article{zoph2016neural,
  title={Neural architecture search with reinforcement learning},
  author={Zoph, Barret and Le, Quoc V},
  journal={arXiv preprint arXiv:1611.01578},
  year={2016}
}

@article{baker2016designing,
  title={Designing neural network architectures using reinforcement learning},
  author={Baker, Bowen and Gupta, Otkrist and Naik, Nikhil and Raskar, Ramesh},
  journal={arXiv preprint arXiv:1611.02167},
  year={2016}
}

@article{williams1992simple,
  title={Simple statistical gradient-following algorithms for connectionist reinforcement learning},
  author={Williams, Ronald J},
  journal={Machine learning},
  volume={8},
  number={3-4},
  pages={229--256},
  year={1992},
  publisher={Springer}
}

@article{simonyan2014very,
  title={Very deep convolutional networks for large-scale image recognition},
  author={Simonyan, Karen and Zisserman, Andrew},
  journal={arXiv preprint arXiv:1409.1556},
  year={2014}
}

@misc{he2015deep,
  title={Deep residual learning for image recognition. CoRR, vol. abs/1512.03385},
  author={He, K and Zhang, X and Ren, S and Sun, J},
  year={2015}
}

@INPROCEEDINGS{7780459, 
author={K. {He} and X. {Zhang} and S. {Ren} and J. {Sun}}, 
booktitle={2016 IEEE Conference on Computer Vision and Pattern Recognition (CVPR)}, 
title={Deep Residual Learning for Image Recognition}, 
year={2016}, 
volume={}, 
number={}, 
pages={770-778}, 
keywords={image classification;learning (artificial intelligence);neural nets;object detection;COCO segmentation;ImageNet localization;ILSVRC & COCO 2015 competitions;deep residual nets;COCO object detection dataset;visual recognition tasks;CIFAR-10;ILSVRC 2015 classification task;ImageNet test set;VGG nets;residual nets;ImageNet dataset;residual function learning;deeper neural network training;image recognition;deep residual learning;Training;Degradation;Complexity theory;Image recognition;Neural networks;Visualization;Image segmentation}, 
doi={10.1109/CVPR.2016.90}, 
ISSN={1063-6919}, 
month={June},}

@article{griffin2007caltech,
  title={Caltech-256 object category dataset},
  author={Griffin, Gregory and Holub, Alex and Perona, Pietro},
  year={2007},
  publisher={California Institute of Technology}
}

@techreport{krizhevsky2009learning,
  title={Learning multiple layers of features from tiny images},
  author={Krizhevsky, Alex and Hinton, Geoffrey},
  year={2009},
  institution={Citeseer}
}

@article{jin2018efficient,
  title={Efficient neural architecture search with network morphism},
  author={Jin, Haifeng and Song, Qingquan and Hu, Xia},
  journal={arXiv preprint arXiv:1806.10282},
  year={2018}
}

@article{cheng2017survey,
  author    = {Yu Cheng and
               Duo Wang and
               Pan Zhou and
               Tao Zhang},
  title     = {A Survey of Model Compression and Acceleration for Deep Neural Networks},
  journal   = {CoRR},
  volume    = {abs/1710.09282},
  year      = {2017},
  url       = {http://arxiv.org/abs/1710.09282},
  archivePrefix = {arXiv},
  eprint    = {1710.09282},
  timestamp = {Mon, 13 Aug 2018 16:48:38 +0200},
  biburl    = {https://dblp.org/rec/bib/journals/corr/abs-1710-09282},
  bibsource = {dblp computer science bibliography, https://dblp.org}
}

@inproceedings{he2018amc,
  title={Amc: Automl for model compression and acceleration on mobile devices},
  author={He, Yihui and Lin, Ji and Liu, Zhijian and Wang, Hanrui and Li, Li-Jia and Han, Song},
  booktitle={Proceedings of the European Conference on Computer Vision (ECCV)},
  pages={784--800},
  year={2018}
}
@article{han2015deep,
  title={Deep compression: Compressing deep neural networks with pruning, trained quantization and huffman coding},
  author={Han, Song and Mao, Huizi and Dally, William J},
  journal={arXiv preprint arXiv:1510.00149},
  year={2015}
}
@inproceedings{han2016eie,
  title={EIE: efficient inference engine on compressed deep neural network},
  author={Han, Song and Liu, Xingyu and Mao, Huizi and Pu, Jing and Pedram, Ardavan and Horowitz, Mark A and Dally, William J},
  booktitle={2016 ACM/IEEE 43rd Annual International Symposium on Computer Architecture (ISCA)},
  pages={243--254},
  year={2016},
  organization={IEEE}
}

@article{zhou2018resource,
  title={Resource-efficient neural architect},
  author={Zhou, Yanqi and Ebrahimi, Siavash and Ar{\i}k, Sercan {\"O} and Yu, Haonan and Liu, Hairong and Diamos, Greg},
  journal={arXiv preprint arXiv:1806.07912},
  year={2018}
}